<?xml version="1.0" encoding="UTF-8"?><collection xmlns="http://www.loc.gov/MARC21/slim"><record><leader>00593nam--2200181-i-4500</leader><controlfield tag="001">000026198</controlfield><controlfield tag="002">20161230</controlfield><controlfield tag="005">20161230201036</controlfield><controlfield tag="008">060222s1000------------r-----000-0-eng-d</controlfield><datafield ind1=" " ind2=" " tag="040"><subfield code="a">IFIN-HH</subfield></datafield><datafield ind1=" " ind2=" " tag="080"><subfield code="a">519.283:338:658.15</subfield></datafield><datafield ind1="1" ind2=" " tag="100"><subfield code="a">Karlin, Samuel</subfield></datafield><datafield ind1="1" ind2="0" tag="245"><subfield code="a">Mathematical methods and theory in games, programming and economics</subfield><subfield code="b">Volume i matrix games, programming, and mathematical economics</subfield><subfield code="c">Samuel karlin</subfield></datafield><datafield ind1=" " ind2=" " tag="260"><subfield code="a">London</subfield><subfield code="b">Pergamon Press</subfield><subfield code="c">1959</subfield></datafield><datafield ind1=" " ind2=" " tag="300"><subfield code="a">X + 433P</subfield></datafield><datafield ind1=" " ind2=" " tag="490"><subfield code="a">Addison-wesley Series In Statistics</subfield></datafield><datafield ind1=" " ind2=" " tag="852"><subfield code="a">13229</subfield><subfield code="c">519.283</subfield></datafield><datafield ind1=" " ind2=" " tag="CAT"><subfield code="a">Sys</subfield><subfield code="c">20130806</subfield><subfield code="h">113258</subfield></datafield></record></collection>